@article{pionPair,
      author         = "Staszewski, R. and Lebiedowicz, P. and Trzebinski, M. and
                        Chwastowski, J. and Szczurek, A.",
      title          = "{Exclusive $\pi^+\pi^-$ Production at the LHC with
                        Forward Proton Tagging}",
      journal        = "Acta Phys.Polon.",
      volume         = "B42",
      pages          = "1861-1870",
      doi            = "10.5506/APhysPolB.42.1861",
      year           = "2011",
      eprint         = "1104.3568",
      archivePrefix  = "arXiv",
      primaryClass   = "hep-ex",
}
@article{lumi,
			author = "ATLAS Collaboration",
			title = "{https://atlas-lumicalc.cern.ch/}"
}
@article{Aaltonen,
      author         = "Aaltonen, T. and others",
      title          = "{Search for exclusive $Z$ boson production and
                        observation of high mass $p\bar{p} \to \gamma \gamma \to
                        p+\ell\ell+\bar{p}$ events in $p\bar{p}$ collisions at
                        $\sqrt{s}$ = 1.96 TeV}",
      collaboration  = "CDF Collaboration",
      journal        = "Phys.Rev.Lett.",
      volume         = "102",
      pages          = "222002",
      doi            = "10.1103/PhysRevLett.102.222002",
      year           = "2009",
      eprint         = "0902.2816",
      archivePrefix  = "arXiv",
      primaryClass   = "hep-ex",
      reportNumber   = "FERMILAB-PUB-09-049-E",
}
@article{Khoze2000wk,
      author         = "Khoze, Valery A. and Martin, Alan D. and Ryskin, M.G.",
      title          = "{Soft diffraction and the elastic slope at Tevatron and
                        LHC energies: A MultiPomeron approach}",
      journal        = "Eur.Phys.J.",
      volume         = "C18",
      pages          = "167-179",
      doi            = "10.1007/s100520000494",
      year           = "2000",
      eprint         = "hep-ph/0007359",
      archivePrefix  = "arXiv",
      primaryClass   = "hep-ph",
      reportNumber   = "DTP-00-48",
}
@article{Dokshitzer1980269,
title = "Hard processes in quantum chromodynamics ",
journal = "Physics Reports ",
volume = "58",
number = "5",
pages = "269 - 395",
year = "1980",
note = "",
issn = "0370-1573",
doi = "http://dx.doi.org/10.1016/0370-1573(80)90043-5",
author = "Yu.L. Dokshitzer and D.I. Dyakonov and S.I. Troyan",
}
@article{Martin,
      author         = "Martin, Alan D. and Ryskin, M.G.",
      title          = "{Unintegrated generalized parton distributions}",
      journal        = "Phys.Rev.",
      volume         = "D64",
      pages          = "094017",
      doi            = "10.1103/PhysRevD.64.094017",
      year           = "2001",
      eprint         = "hep-ph/0107149",
      archivePrefix  = "arXiv",
      primaryClass   = "hep-ph",
      reportNumber   = "IPPP-01-31, DCPT-01-62",
}
@article{Hdijet,
      author         = "Khoze, Valery A. and Martin, Alan D. and Ryskin, M.G.",
      title          = "{Higgs or dijet production in double rapidity gap
                        events}",
      pages          = "592-595",
      year           = "2000",
      eprint         = "hep-ph/0006005",
      archivePrefix  = "arXiv",
      primaryClass   = "hep-ph",
}
@article{canLHC,
      author         = "Khoze, Valery A. and Martin, Alan D. and Ryskin, M.G.",
      title          = "{Can the Higgs be seen in rapidity gap events at the
                        Tevatron or the LHC?}",
      journal        = "Eur.Phys.J.",
      volume         = "C14",
      pages          = "525-534",
      doi            = "10.1007/s100520000359",
      year           = "2000",
      eprint         = "hep-ph/0002072",
      archivePrefix  = "arXiv",
      primaryClass   = "hep-ph",
      reportNumber   = "DTP-00-08",
}
@Article{CMSmumu,
     author    = "CMS",
     title     = "{Exclusive photon-photon production of muon pairs in $pp$
                 collisions at $\sqrt{s} = 7$ TeV}",
     journal   = "JHEP",
     volume    = "01",
     year      = "2012",
     page      = "052",
     doi       = "10.1007/JHEP01 (2012) 052"
}
@Article{CMSee,
     author    = "CMS",
     title     = "{Search for exclusive or simi-exclusive photon pair
                 production and observation of exclusive and semi-exclusive
                 electron pair production in $pp$ collisions at $\sqrt{s} = 7$
                 TeV}",
     journal   = "JHEP",
     volume    = "11",
     year      = "2012",
     page      = "080",
     doi       = "10.1007/JHEP11 (2012) 080"
}
@Article{CMSWW,
     author    = "CMS",
     title     = "Study of exclusive two-photon production of $W^+W^-$ in
                 $pp$ collisions at $\sqrt{s} = 7$ TeV and constraints on
                 anomalous couplings",
     year      = "2012",
     eprint    = "1305.5596",
     archivePrefix = "arXiv"
}
@article{fpmc,
     authors    = "M. Boonekamp, A. Dechambre, V. Juranek, O. Kepka, M. Rangel, C. Royon, R. Staszewski",
     title     = "FPMC: a generator for forward physics",
     year      = "2011",
     eprint    = "1102.2531",                                                       archivePrefix = "arXiv"                                                    }
@techreport{MonteNote,
     authors    = "Mateusz Dyndal, Emmanyel Sauvan, Mariusz Przybycien, Laurent Schoeffel",
     title     = "Monte Carlo studies of two-photon production of muon pairs",
     year      = "2013",  
     number    = "ATL-COM-PHYS-2013-1479",           
     month     = "October"                   
}
@techreport{mynote,
     author    = "L. Nodulman",
     title     = "The 8 TeV data can be used to look for exclusive QED production",
     year      = "2013",
     number    = "ATL-COM-PHYS-2013-1603",
     month     = "December"
}

@article{Khoze,
      author         = "Khoze, V.A. and Martin, A.D. and Ryskin, M.G.",
      title          = "{Prospects for new physics observations in diffractive
                        processes at the LHC and Tevatron}",
      journal        = "Eur.Phys.J.",
      volume         = "C23",
      pages          = "311-327",
      doi            = "10.1007/s100520100884",
      year           = "2002",
      eprint         = "hep-ph/0111078",
      archivePrefix  = "arXiv",
      primaryClass   = "hep-ph",
      reportNumber   = "IPPP-01-53, DCPT-01-106",
      SLACcitation   = "%%CITATION = HEP-PH/0111078;%%",
}

@article{Cudell,
      author         = "Cudell, J.R. and Dechambre, A. and Hernandez, O.F. and
                        Ivanov, I.P.",
      title          = "{Central exclusive production of dijets at hadronic
                        colliders}",
      journal        = "Eur.Phys.J.",
      volume         = "C61",
      pages          = "369-390",
      doi            = "10.1140/epjc/s10052-009-0994-2",
      year           = "2009",
      eprint         = "0807.0600",
      archivePrefix  = "arXiv",
      primaryClass   = "hep-ph",
      SLACcitation   = "%%CITATION = ARXIV:0807.0600;%%",
}
@techreport{ATLASCONF2014060,
      title         = "{Observation and measurement of Higgs boson decays to
                       $WW^\ast$ with ATLAS at the LHC}",
      institution   = "CERN",
      address       = "Geneva",
      number        = "ATLAS-CONF-2014-060",
      month         = "Oct",
      year          = "2014",
}
@article{Aad2014rra,
      author         = "Aad, Georges and others",
      title          = "{Measurement of the muon reconstruction performance of
                        the ATLAS detector using 2011 and 2012 LHC proton-proton
                        collision data}",
      collaboration  = "ATLAS",
      journal        = "Eur.Phys.J.",
      number         = "11",
      volume         = "C74",
      pages          = "3130",
      doi            = "10.1140/epjc/s10052-014-3130-x",
      year           = "2014",
      eprint         = "1407.3935",
      archivePrefix  = "arXiv",
      primaryClass   = "hep-ex",
      reportNumber   = "CERN-PH-EP-2014-151",
      SLACcitation   = "%%CITATION = ARXIV:1407.3935;%%",
}
